@article{ppo,
author = {Schulman, John and Wolski, Filip and Dhariwal, Prafulla and Radford, Alec and Klimov, Oleg},
year = {2017},
month = {07},
pages = {},
title = {Proximal Policy Optimization Algorithms}
}
@article{stable-baselines3,
  author  = {Antonin Raffin and Ashley Hill and Adam Gleave and Anssi Kanervisto and Maximilian Ernestus and Noah Dormann},
  title   = {Stable-Baselines3: Reliable Reinforcement Learning Implementations},
  journal = {Journal of Machine Learning Research},
  year    = {2021},
  volume  = {22},
  number  = {268},
  pages   = {1-8},
  url     = {http://jmlr.org/papers/v22/20-1364.html}
}
@article{emergence,
  title={Emergence of Locomotion Behaviours in Rich Environments},
  author={Nicolas Manfred Otto Heess and TB Dhruva and Srinivasan Sriram and Jay Lemmon and Josh Merel and Greg Wayne and Yuval Tassa and Tom Erez and Ziyun Wang and S. M. Ali Eslami and Martin A. Riedmiller and David Silver},
  journal={ArXiv},
  year={2017},
  volume={abs/1707.02286}
}
@article{massively,
  title={Learning to Walk in Minutes Using Massively Parallel Deep Reinforcement Learning},
  author={N. Rudin and David Hoeller and Philipp Reist and Marco Hutter},
  journal={ArXiv},
  year={2021},
  volume={abs/2109.11978}
}
